@article{Jarvinen:2011qe,
      author         = "Jarvinen, Matti and Kiritsis, Elias",
      title          = "{Holographic Models for QCD in the Veneziano Limit}",
      journal        = "JHEP",
      volume         = "03",
      year           = "2012",
      pages          = "002",
      doi            = "10.1007/JHEP03(2012)002",
      eprint         = "1112.1261",
      archivePrefix  = "arXiv",
      primaryClass   = "hep-ph",
      reportNumber   = "CCTP-2011-30",
      SLACcitation   = "%%CITATION = ARXIV:1112.1261;%%"
}

@book{10.5555/1403886, 
	author = {Press, William H. and Teukolsky, Saul A. and Vetterling, William T. and Flannery, Brian P.}, 
	title = {Numerical Recipes 3rd Edition: The Art of Scientific Computing}, 
	year = {2007},
	 isbn = {0521880688}, 
	 publisher = {Cambridge University Press}, 
	 address = {USA},
	  edition = {3} 
}

@article{Arean:2013tja,
      author         = "Areán, Daniel and Iatrakis, Ioannis and Järvinen, Matti
                        and Kiritsis, Elias",
      title          = "{The discontinuities of conformal transitions and mass
                        spectra of V-QCD}",
      journal        = "JHEP",
      volume         = "11",
      year           = "2013",
      pages          = "068",
      doi            = "10.1007/JHEP11(2013)068",
      eprint         = "1309.2286",
      archivePrefix  = "arXiv",
      primaryClass   = "hep-ph",
      reportNumber   = "CCTP-2013-7, CERN-PH-TH-2013-266",
      SLACcitation   = "%%CITATION = ARXIV:1309.2286;%%"
}